<?xml version="1.0" encoding="UTF-8"?><collection xmlns="http://www.loc.gov/MARC21/slim"><record><leader>00503nam--2200181-i-4500</leader><controlfield tag="001">000009115</controlfield><controlfield tag="002">20161230</controlfield><controlfield tag="005">20161230201028</controlfield><controlfield tag="008">060222s1000------------r-----000-0-eng-d</controlfield><datafield ind1=" " ind2=" " tag="040"><subfield code="a">IFIN-HH</subfield></datafield><datafield ind1=" " ind2=" " tag="080"><subfield code="a">53(07):802.0</subfield></datafield><datafield ind1="1" ind2=" " tag="100"><subfield code="a">Duval, Clement</subfield></datafield><datafield ind1="1" ind2="0" tag="245"><subfield code="a">English for the physicist</subfield><subfield code="b">Preface de marc zamansky</subfield><subfield code="c">Clement duval</subfield></datafield><datafield ind1=" " ind2=" " tag="260"><subfield code="a">Paris</subfield><subfield code="b">Presses Universitaires De France</subfield><subfield code="c">1968</subfield></datafield><datafield ind1=" " ind2=" " tag="300"><subfield code="a">VIII+103P</subfield></datafield><datafield ind1=" " ind2=" " tag="490"><subfield code="a">Licence De Physique</subfield></datafield><datafield ind1=" " ind2=" " tag="852"><subfield code="a">31771</subfield><subfield code="c">4</subfield></datafield><datafield ind1=" " ind2=" " tag="CAT"><subfield code="a">Sys</subfield><subfield code="c">20130130</subfield><subfield code="h">180434</subfield></datafield></record></collection>